<?xml version="1.0" encoding="UTF-8"?><collection xmlns="http://www.loc.gov/MARC21/slim"><record><leader>00578nam--2200181-u-4500</leader><controlfield tag="001">000053162</controlfield><controlfield tag="002">20161230</controlfield><controlfield tag="005">20170102211453</controlfield><controlfield tag="008">110110s1000------------r-----000-0-eng-d</controlfield><datafield ind1=" " ind2=" " tag="040"><subfield code="a">IFIN-HH</subfield></datafield><datafield ind1=" " ind2=" " tag="080"><subfield code="a">539.143(043)</subfield></datafield><datafield ind1="1" ind2=" " tag="100"><subfield code="a">Ur, Calin Alexandru</subfield></datafield><datafield ind1="1" ind2=" " tag="245"><subfield code="a">Contributii la studiul unor nuclee atomice de masa medie. Evolutia structurii nucleelor n z in patura 1f7/2</subfield><subfield code="b">Teza</subfield><subfield code="c">Calin Alexandru Ur</subfield></datafield><datafield ind1=" " ind2=" " tag="260"><subfield code="a">Bucuresti</subfield><subfield code="b">Ifa</subfield><subfield code="c">1998</subfield></datafield><datafield ind1=" " ind2=" " tag="300"><subfield code="a">141 p</subfield></datafield><datafield ind1=" " ind2=" " tag="502"><subfield code="a">Conducator Stiintific: Dr. Dorel Bucurescu</subfield></datafield><datafield ind1=" " ind2=" " tag="852"><subfield code="a">80943</subfield><subfield code="c">539.143.43</subfield></datafield><datafield ind1=" " ind2=" " tag="CAT"><subfield code="a">SYS</subfield><subfield code="c">20170102</subfield><subfield code="h">211453</subfield></datafield></record></collection>